@misc{gilmer2017neural,
    title={Neural Message Passing for Quantum Chemistry},
    author={Justin Gilmer and Samuel S. Schoenholz and Patrick F. Riley and Oriol Vinyals and George E. Dahl},
    year={2017},
    eprint={1704.01212},
    archivePrefix={arXiv},
    primaryClass={cs.LG}
}

@article{DBLP:journals/corr/abs-1901-00596,
  author    = {Zonghan Wu and
               Shirui Pan and
               Fengwen Chen and
               Guodong Long and
               Chengqi Zhang and
               Philip S. Yu},
  title     = {A Comprehensive Survey on Graph Neural Networks},
  journal   = {CoRR},
  volume    = {abs/1901.00596},
  year      = {2019},
  url       = {http://arxiv.org/abs/1901.00596},
  archivePrefix = {arXiv},
  eprint    = {1901.00596},
  timestamp = {Thu, 31 Jan 2019 13:52:49 +0100},
  biburl    = {https://dblp.org/rec/journals/corr/abs-1901-00596.bib},
  bibsource = {dblp computer science bibliography, https://dblp.org}
}

@article{DBLP:journals/corr/abs-1812-08434,
  author    = {Jie Zhou and
               Ganqu Cui and
               Zhengyan Zhang and
               Cheng Yang and
               Zhiyuan Liu and
               Maosong Sun},
  title     = {Graph Neural Networks: {A} Review of Methods and Applications},
  journal   = {CoRR},
  volume    = {abs/1812.08434},
  year      = {2018},
  url       = {http://arxiv.org/abs/1812.08434},
  archivePrefix = {arXiv},
  eprint    = {1812.08434},
  timestamp = {Wed, 02 Jan 2019 14:40:18 +0100},
  biburl    = {https://dblp.org/rec/journals/corr/abs-1812-08434.bib},
  bibsource = {dblp computer science bibliography, https://dblp.org}
}

@article{DBLP:journals/corr/GilmerSRVD17,
  author    = {Justin Gilmer and
               Samuel S. Schoenholz and
               Patrick F. Riley and
               Oriol Vinyals and
               George E. Dahl},
  title     = {Neural Message Passing for Quantum Chemistry},
  journal   = {CoRR},
  volume    = {abs/1704.01212},
  year      = {2017},
  url       = {http://arxiv.org/abs/1704.01212},
  archivePrefix = {arXiv},
  eprint    = {1704.01212},
  timestamp = {Mon, 13 Aug 2018 16:48:42 +0200},
  biburl    = {https://dblp.org/rec/journals/corr/GilmerSRVD17.bib},
  bibsource = {dblp computer science bibliography, https://dblp.org}
}

@article{DBLP:journals/corr/abs-1802-04364,
  author    = {Wengong Jin and
               Regina Barzilay and
               Tommi S. Jaakkola},
  title     = {Junction Tree Variational Autoencoder for Molecular Graph Generation},
  journal   = {CoRR},
  volume    = {abs/1802.04364},
  year      = {2018},
  url       = {http://arxiv.org/abs/1802.04364},
  archivePrefix = {arXiv},
  eprint    = {1802.04364},
  timestamp = {Mon, 13 Aug 2018 16:48:16 +0200},
  biburl    = {https://dblp.org/rec/journals/corr/abs-1802-04364.bib},
  bibsource = {dblp computer science bibliography, https://dblp.org}
}

@misc{jin2020hierarchical,
    title={Hierarchical Generation of Molecular Graphs using Structural Motifs},
    author={Wengong Jin and Regina Barzilay and Tommi Jaakkola},
    year={2020},
    eprint={2002.03230},
    archivePrefix={arXiv},
    primaryClass={cs.LG}
}

@article{DBLP:journals/corr/abs-1812-01070,
  author    = {Wengong Jin and
               Kevin Yang and
               Regina Barzilay and
               Tommi S. Jaakkola},
  title     = {Learning Multimodal Graph-to-Graph Translation for Molecular Optimization},
  journal   = {CoRR},
  volume    = {abs/1812.01070},
  year      = {2018},
  url       = {http://arxiv.org/abs/1812.01070},
  archivePrefix = {arXiv},
  eprint    = {1812.01070},
  timestamp = {Tue, 01 Jan 2019 15:01:25 +0100},
  biburl    = {https://dblp.org/rec/journals/corr/abs-1812-01070.bib},
  bibsource = {dblp computer science bibliography, https://dblp.org}
}

@misc{chowdhury2019gromovwasserstein,
    title={Gromov-Wasserstein Averaging in a Riemannian Framework},
    author={Samir Chowdhury and Tom Needham},
    year={2019},
    eprint={1910.04308},
    archivePrefix={arXiv},
    primaryClass={math.MG}
}

@misc{seguy2015principal,
    title={Principal Geodesic Analysis for Probability Measures under the Optimal Transport Metric},
    author={Vivien Seguy and Marco Cuturi},
    year={2015},
    eprint={1506.07944},
    archivePrefix={arXiv},
    primaryClass={stat.ML}
}

@article{heeren2018principal,
    author = {Heeren, Behrend and Zhang, Chao and Rumpf, Martin and Smith, William},
    year = {2018},
    month = {06},
    pages = {},
    title = {Principal Geodesic Analysis in the Space of Discrete Shells},
    volume = {37},
    journal = {Computer graphics forum},
    doi = {10.1111/cgf.13500}
}

@misc{vayer2018optimal,
    title={Optimal Transport for structured data with application on graphs},
    author={Titouan Vayer and Laetitia Chapel and Rémi Flamary and Romain Tavenard and Nicolas Courty},
    year={2018},
    eprint={1805.09114},
    archivePrefix={arXiv},
    primaryClass={stat.ML}
}

@inproceedings{
    Klicpera2020Directional,
    title={Directional Message Passing for Molecular Graphs},
    author={Johannes Klicpera and Janek Groß and Stephan Günnemann},
    booktitle={International Conference on Learning Representations},
    year={2020},
    url={https://openreview.net/forum?id=B1eWbxStPH}
}

@misc{yang2019analyzing,
    title={Analyzing Learned Molecular Representations for Property Prediction},
    author={Kevin Yang and Kyle Swanson and Wengong Jin and Connor Coley and Philipp Eiden and Hua Gao and Angel Guzman-Perez and Timothy Hopper and Brian Kelley and Miriam Mathea and Andrew Palmer and Volker Settels and Tommi Jaakkola and Klavs Jensen and Regina Barzilay},
    year={2019},
    eprint={1904.01561},
    archivePrefix={arXiv},
    primaryClass={cs.LG}
}

@misc{jin2019hierarchical,
    title={Hierarchical Graph-to-Graph Translation for Molecules},
    author={Wengong Jin and Regina Barzilay and Tommi Jaakkola},
    year={2019},
    eprint={1907.11223},
    archivePrefix={arXiv},
    primaryClass={physics.chem-ph}
}

@misc{cuturi2013fast,
    title={Fast Computation of Wasserstein Barycenters},
    author={Marco Cuturi and Arnaud Doucet},
    year={2013},
    eprint={1310.4375},
    archivePrefix={arXiv},
    primaryClass={stat.ML}
}

@inproceedings{Ambrosio2013AUG,
  title={A User’s Guide to Optimal Transport},
  author={Luigi Ambrosio and Nicola Gigli},
  year={2013}
}

@article{ambgigli2006,
  author = {Ambrosio, Luigi and Gigli, Nicola and Savare, Giuseppe},
  year = {2005},
  month = {01},
  pages = {},
  title = {Gradient Flows in Metric Spaces and in the Space of Probability Measures},
  doi = {10.1007/978-3-7643-8722-8}
}

@misc{benamou2014iterative,
  title={Iterative Bregman Projections for Regularized Transportation Problems},
  author={Jean-David Benamou and Guillaume Carlier and Marco Cuturi and Luca Nenna and Gabriel Peyré},
  year={2014},
  eprint={1412.5154},
  archivePrefix={arXiv},
  primaryClass={math.NA}
}

@misc{craig2017gradient,
    title={Gradient Flow in the Wasserstein Metric},
    author={Katy Craig},
    year={2017},
    url = {http://web.math.ucsb.edu/~kcraig/math/curriculum_vitae_files/NIPS_120917.pdf},
}

@misc{zhang2018policy,
    title={Policy Optimization as Wasserstein Gradient Flows},
    author={Ruiyi Zhang and Changyou Chen and Chunyuan Li and Lawrence Carin},
    year={2018},
    eprint={1808.03030},
    archivePrefix={arXiv},
    primaryClass={cs.LG}
}